<record><leader>00000cas a22000007a 4500</leader><controlfield tag="001">16823553</controlfield><controlfield tag="008">871007d19251974ohucr ne      0    0eng d</controlfield><datafield ind1=" " ind2=" " tag="010"><subfield code="a">sn 87075141 </subfield></datafield><datafield ind1=" " ind2=" " tag="040"><subfield code="a">ONP</subfield><subfield code="b">eng</subfield><subfield code="c">ONP</subfield><subfield code="d">OCLCQ</subfield></datafield><datafield ind1=" " ind2=" " tag="042"><subfield code="a">msc</subfield></datafield><datafield ind1="0" ind2="4" tag="245"><subfield code="a">The Jackson sun-journal.</subfield></datafield><datafield ind1=" " ind2=" " tag="260"><subfield code="a">Jackson, Ohio :</subfield><subfield code="b">Jackson Pub. Co.,</subfield><subfield code="c">1925-1974.</subfield></datafield><datafield ind1=" " ind2=" " tag="310"><subfield code="a">Semiweekly</subfield></datafield><datafield ind1="0" ind2=" " tag="362"><subfield code="a">Vol. 1, no. 1 (June 2, 1925)-v. 130, no. 42 (May 30, 1974).</subfield></datafield><datafield ind1=" " ind2=" " tag="580"><subfield code="a">Consolidated with: Jackson herald (Jackson, Ohio : 1902) and Oak Hill press to form Journal-herald (Jackson, Ohio).</subfield></datafield><datafield ind1=" " ind2=" " tag="752"><subfield code="a">United States</subfield><subfield code="b">Ohio</subfield><subfield code="c">Jackson</subfield><subfield code="d">Jackson.</subfield></datafield><datafield ind1="0" ind2="4" tag="780"><subfield code="t">Jackson sun (Jackson, Ohio : 1918)</subfield><subfield code="w">(DLC)sn 87075143</subfield></datafield><datafield ind1="0" ind2="4" tag="780"><subfield code="t">Jackson standard-journal</subfield><subfield code="w">(DLC)sn 85038181</subfield></datafield><datafield ind1="1" ind2="7" tag="785"><subfield code="t">Jackson herald (Jackson, Ohio : 1902)</subfield><subfield code="w">(DLC)sn 87075142</subfield></datafield><datafield ind1="1" ind2="7" tag="785"><subfield code="t">Oak Hill press</subfield><subfield code="w">(DLC)sn 87075140</subfield></datafield><datafield ind1="1" ind2="7" tag="785"><subfield code="t">Journal-herald (Jackson, Ohio)</subfield><subfield code="w">(DLC)sn 87075149</subfield></datafield></record>